@misc{AbeniB98,
  author    = {Luca Abeni and
               Giorgio C. Buttazzo},
  title     = {Integrating Multimedia Applications in Hard Real-Time Systems},
  booktitle = {IEEE Real-Time Systems Symposium},
  year      = {1998},
  pages     = {4-13},
}
@misc{Luigi09,
  author    = {Luigi Palopoli and
               Tommaso Cucinotta and
               Luca Marzario and
               Giuseppe Lipari},
  title     = {AQuoSA - adaptive quality of service architecture},
  journal   = {Softw., Pract. Exper.},
  volume    = {39},
  number    = {1},
  year      = {2009},
  pages     = {1-31},
}
@misc{Dario09,
  author    = {Dario Faggioli and
               Michael Trimarchi and
               Fabio Checconi},
  title     = {An implementation of the earliest deadline first algorithm
               in Linux},
  booktitle = {SAC},
  year      = {2009},
  pages     = {1984-1989},
}
